<?xml version="1.0" encoding="UTF-8"?><collection xmlns="http://www.loc.gov/MARC21/slim"><record><leader>00485nam--2200133-i-4500</leader><controlfield tag="001">000015407</controlfield><controlfield tag="002">20161230</controlfield><controlfield tag="005">20161230201031</controlfield><controlfield tag="008">060222s1000------------r-----000-0-eng-d</controlfield><datafield ind1=" " ind2=" " tag="080"><subfield code="a">577.2</subfield></datafield><datafield ind1=" " ind2=" " tag="245"><subfield code="a">Structure of complexes between biopolymers and low molecular weight molecules. procee- dings of the eleventh workshop conference hoechst, schloos reisenburg, 11-15 october, 1981</subfield></datafield><datafield ind1=" " ind2=" " tag="260"><subfield code="a">Chichester, John Wiley And Sons. 1982 X + 213 P</subfield></datafield><datafield ind1=" " ind2=" " tag="700"><subfield code="a">Bartmann, W./S.A.</subfield></datafield><datafield ind1=" " ind2=" " tag="852"><subfield code="a">72468</subfield></datafield></record></collection>